@data{781w-ef42-20,
doi = {10.21227/781w-ef42},
url = {http://dx.doi.org/10.21227/781w-ef42},
author = {Rabindra Lamsal },
publisher = {IEEE Dataport},
title = {Corona Virus (COVID-19) Tweets Dataset},
year = {2020} }


@online{api,
url = {https://developer.twitter.com/en/docs},
publisher = {Twitter},
title = {Twitter Developer API}
}

@data{kaggle,
doi = {10.21227/781w-ef42},
url = {https://www.kaggle.com/lopezbec/covid19-tweets-dataset},
author = {Christian Lopez },
publisher = {Kaggle},
title = {COVID-19 Tweets Dataset},
year = {2020} }